<?xml version="1.0" encoding="UTF-8"?><collection><record><leader>06460ntm a2200565 a 4500</leader><controlfield tag="001">006803540</controlfield><controlfield tag="003">MiAaHDL</controlfield><controlfield tag="005">20190719000000.0</controlfield><controlfield tag="006">m        d        </controlfield><controlfield tag="007">cr bn ---auaua</controlfield><controlfield tag="008">090527q12801316xx            00| ||ara d</controlfield><datafield tag="035" ind1=" " ind2=" "><subfield code="a">(MiU)006803540</subfield></datafield><datafield tag="035" ind1=" " ind2=" "><subfield code="a">sdr-miu006803540</subfield></datafield><datafield tag="040" ind1=" " ind2=" "><subfield code="a">MiU</subfield><subfield code="c">MiU</subfield><subfield code="e">amremm</subfield></datafield><datafield tag="043" ind1=" " ind2=" "><subfield code="a">n-us-mi</subfield></datafield><datafield tag="100" ind1="1" ind2=" "><subfield code="6">880-01</subfield><subfield code="a">Khabbāzī, ʻUmar ibn Muḥammad,</subfield><subfield code="d">1231 or 1232-1292.</subfield></datafield><datafield tag="245" ind1="1" ind2="3"><subfield code="6">880-02</subfield><subfield code="a">al-Ḥawāshī al-Khabbāzīyah,</subfield><subfield code="f">[late 13th or early 14th century].</subfield></datafield><datafield tag="246" ind1="3" ind2="8"><subfield code="a">حواشي الخبازية</subfield></datafield><datafield tag="246" ind1="3" ind2=" "><subfield code="6">880-04</subfield><subfield code="i">Title from flyleaf inscription:</subfield><subfield code="a">Fawāʼid al-Khabbāzīyah</subfield></datafield><datafield tag="246" ind1="3" ind2=" "><subfield code="i">Edge title (head):</subfield><subfield code="a">حواشي الخبازية على الهداية</subfield></datafield><datafield tag="260" ind1=" " ind2=" "><subfield code="c">[1280-1316?].</subfield></datafield><datafield tag="300" ind1=" " ind2=" "><subfield code="a">286 leaves ;</subfield><subfield code="c">242 x 165 (180 x 115) mm. bound to 252 x 175 mm.</subfield></datafield><datafield tag="500" ind1=" " ind2=" "><subfield code="a">Shelfmark: Ann Arbor, University of Michigan, Special Collections Library, Isl. Ms. 559</subfield></datafield><datafield tag="500" ind1=" " ind2=" "><subfield code="a">Origin: Details of transcription not specified, though detailed collation statement on fol.284a in name of Muḥammad ibn al-Ḥasan [al-Ḥusayn ?] al-Tūqātī dated 27 Dhū al-Ḥijjah 715 [ca. 23 March 1316] provides terminus ante quem of 1316.</subfield></datafield><datafield tag="500" ind1=" " ind2=" "><subfield code="a">Accompanying materials: a. Inventory cataloguing slip in hand of Winifred Smeaton Thomas. -- b. Acquisitions slip from Yahuda.</subfield></datafield><datafield tag="500" ind1=" " ind2=" "><subfield code="a">Former shelfmark: From front flyleaf and spine label, "IL 105b" (likely supplied by Yahuda, see acquisitions slip).</subfield></datafield><datafield tag="500" ind1=" " ind2=" "><subfield code="a">Binding: Pasteboards covered in black cloth with spine covered in black leather (quarter-bound); Western style binding; spine gold-stamped with title and author "الحواشي الخبازية عمر الخبازي" as well as decorative bands along ridges; not original to the codex, imprint/stain of the flap of a former binding is clearly seen on early flyleaf; in good condition.</subfield></datafield><datafield tag="500" ind1=" " ind2=" "><subfield code="a">Support: non-European (likely Arab) laid paper with roughly 8 laid lines per cm. (horizontal, fairly indistinct) and chain lines only rarely visible though grouped (group of three visible at least, see p.532); cloudy furnish, many inclusions, quite dense and sturdy, burnished; ink burn from acidic ink.</subfield></datafield><datafield tag="500" ind1=" " ind2=" "><subfield code="a">Script: Naskh; old, scarcely pointed Syrian or Egyptian hand; entirely sans-serif, lām alif al-warrāqīyah used only occasionally; excessively acidic ink has damaged and led to loss of text; collation statement in a rough taʻlīq, partially seriffed and highly ligatured, with words descending onto the baseline and the ends of the lines slightly curving upwards in characteristic fashion.</subfield></datafield><datafield tag="500" ind1=" " ind2=" "><subfield code="a">Layout: Written in 25 lines per page.</subfield></datafield><datafield tag="500" ind1=" " ind2=" "><subfield code="a">Collation: iii, III+1 (7), III (13), I (15), 3 IV (39), 2 V (59), IV (67), V (77), 19 IV (229), V (239), 5 IV (279), III+1 (286), ii; chiefly quaternions; lacking catchwords; quire signatures (numbering) present for quires 2 through 37 (skipping 4 and 31) as the ordinal number of each quire written out on the outer corner of the first folio; the entire 31st quire appears to be missing and a statement to this fact is found on fol.239b; foliation in black ink, Hindu-Arabic numerals begins with ٢ on the folio following the incipit page, mistakenly skips a leaf at fol.269-270; pagination in pencil, Western numerals, referenced in cataloguing.</subfield></datafield><datafield tag="500" ind1=" " ind2=" "><subfield code="a">Explicit: "صغر الورثة واقوى الوصيين وصي الاب والجد واضعف الحالين حال كبر الورثة تم الكتاب بحمد لله ومنه"</subfield></datafield><datafield tag="500" ind1=" " ind2=" "><subfield code="a">Incipit: "كتاب الطهارات قال الله تعالى يا ايها الذين امنوا اذا قمتم الى الصلوة..."</subfield></datafield><datafield tag="500" ind1=" " ind2=" "><subfield code="a">Title from inscription on front flyleaf.</subfield></datafield><datafield tag="500" ind1=" " ind2=" "><subfield code="a">Ms. codex.</subfield></datafield><datafield tag="510" ind1="4" ind2=" "><subfield code="a">Humbert, Geneviève. "Papiers non-filigranés utilisés au proche-orient jusqu’en 1450: essai en typologie." Journal asiatique, 286, no.1 (1998):</subfield><subfield code="c">1-54.</subfield></datafield><datafield tag="510" ind1="4" ind2=" "><subfield code="a">Ḥajjī Khalīfah. Kashf al-ẓunūn,</subfield><subfield code="c">ii, 2033.</subfield></datafield><datafield tag="510" ind1="4" ind2=" "><subfield code="a">Brockelmann, C. GAL,</subfield><subfield code="c">I, 376 ; SI 657</subfield></datafield><datafield tag="520" ind1="8" ind2=" "><subfield code="a">Commentary on al-Hidāyah, by ʻAlī ibn Abī Bakr Burhān al-Dīn al-Marghīnānī. Begins with Kitāb al-ṭahārāt. Additional excerpts at the beginning and end of text.</subfield></datafield><datafield tag="538" ind1=" " ind2=" "><subfield code="a">Mode of access: Internet.</subfield></datafield><datafield tag="541" ind1=" " ind2=" "><subfield code="a">Acquired in 1926 from the bookseller Isaac Benjamin S.E. Yahuda via purchase transacted on his behalf by Abraham Shalom Yahuda (1877-1951), his younger brother.</subfield></datafield><datafield tag="546" ind1=" " ind2=" "><subfield code="a">Arabic.</subfield></datafield><datafield tag="561" ind1=" " ind2=" "><subfield code="a">Waqf statement on front flyleaf verso in name of Khadījah bint Ismāʻīl Afandī (Hatice bint İsmail Efendi) for the madrasah / medrese of her father reads "وقف خديجة بنت اسماعيل افندي لمدرسة ابيها ... رحمة الله عليه"; incipit page (fol.1b) and following page bear inscription "وقف" in margin in same black ink and similar hand to that of earlier statement in name of the aforementioned Hatice bint İsmail Efendi; occasionally throughout "وقف" written along the length of the page (perpindicular to the main text) in red ink (see fol.1b, 59b, 189b, etc.); marginal corrections, glosses, and notabilia throughout; finger tabs in the form of thread tabs sewn through the paper appear throughout (see fol.185, 198, 211, etc.); a multitude of collation marks and notes throughout, culminating in the collation statement of fol.284a in name of Muḥammad ibn al-Ḥasan [al-Ḥusayn ?] al-Tūqātī, reads: "قوبل باصله من اوله الى اخره في مجالس شققه وصححه بقدر الامكان بتوفيق الله تعالى وحسن انعامه على يدي اضعف الخلائق واذنبهم محمد بن الحسن التوقاتي المدرس ... في اليوم السابع والعشرين ذي الحجة سنة خمس عشر وسبعمائة ..."</subfield></datafield><datafield tag="600" ind1="1" ind2="0"><subfield code="a">Marghīnānī, ʻAlī ibn Abī Bakr,</subfield><subfield code="d">d. 1196 or 7.</subfield><subfield code="t">Hidāyah.</subfield></datafield><datafield tag="650" ind1=" " ind2="0"><subfield code="a">Manuscripts, Arabic</subfield><subfield code="z">Michigan</subfield><subfield code="z">Ann Arbor.</subfield></datafield><datafield tag="650" ind1=" " ind2="0"><subfield code="a">Hanafites</subfield><subfield code="v">Early works to 1800.</subfield></datafield><datafield tag="650" ind1=" " ind2="0"><subfield code="a">Islamic law</subfield><subfield code="v">Early works to 1800.</subfield></datafield><datafield tag="700" ind1="0" ind2=" "><subfield code="6">880-06</subfield><subfield code="a">Muḥammad ibn al-Ḥasan al-Tūqātī,</subfield><subfield code="d">flourished 1316,</subfield><subfield code="e">collator.</subfield></datafield><datafield tag="773" ind1="0" ind2=" "><subfield code="a">Yahuda Collection.</subfield></datafield><datafield tag="880" ind1="0" ind2=" "><subfield code="6">700-06/</subfield><subfield code="a">محمد بن الحسن التوقاتي،</subfield><subfield code="e">مقابل.</subfield></datafield><datafield tag="880" ind1="3" ind2=" "><subfield code="6">246-04/</subfield><subfield code="a">فوائد الخبازية</subfield></datafield><datafield tag="880" ind1="1" ind2="2"><subfield code="6">245-02/</subfield><subfield code="a">الحواشي الخبازيه,</subfield><subfield code="f">[اواخر القرن 13م او اوائل القرن 14م].</subfield></datafield><datafield tag="880" ind1="1" ind2=" "><subfield code="6">100-01/</subfield><subfield code="a">خبازي, عمر بن محمد.</subfield></datafield><datafield tag="CID" ind1=" " ind2=" "><subfield code="a">006803540</subfield></datafield><datafield tag="DAT" ind1="0" ind2=" "><subfield code="a">20190719102636.0</subfield><subfield code="b">20190719000000.0</subfield></datafield><datafield tag="DAT" ind1="1" ind2=" "><subfield code="a">20190719090653.0</subfield><subfield code="b">2019-07-19T16:11:35Z</subfield></datafield><datafield tag="DAT" ind1="2" ind2=" "><subfield code="a">2015-10-02T18:00:03Z</subfield></datafield><datafield tag="CAT" ind1=" " ind2=" "><subfield code="a">SDR-MIU</subfield><subfield code="d">EX LIBRIS - ALEPH</subfield><subfield code="l">prepare.pl-004-008</subfield></datafield><datafield tag="FMT" ind1=" " ind2=" "><subfield code="a">BK</subfield></datafield><datafield tag="HOL" ind1=" " ind2=" "><subfield code="0">sdr-miu006803540</subfield><subfield code="a">MiU</subfield><subfield code="b">SDR</subfield><subfield code="c">MIU</subfield><subfield code="p">mdp.39015079126531</subfield><subfield code="s">MIU</subfield><subfield code="1">006803540</subfield></datafield><datafield tag="974" ind1=" " ind2=" "><subfield code="b">MIU</subfield><subfield code="c">MIU</subfield><subfield code="d">20190719</subfield><subfield code="s">lit-dlps-dc</subfield><subfield code="u">mdp.39015079126531</subfield><subfield code="y">1316</subfield><subfield code="r">pd</subfield><subfield code="q">bib</subfield><subfield code="t">non-US bib date2 &lt; 1879</subfield></datafield></record></collection>